<record><leader>00000cas a2200000 a 4500</leader><controlfield tag="001">10121676</controlfield><controlfield tag="008">831111d18721917iluwr ne      0   a0eng c</controlfield><datafield ind1=" " ind2=" " tag="010"><subfield code="a">  2014271517</subfield></datafield><datafield ind1=" " ind2=" " tag="040"><subfield code="a">CRL</subfield><subfield code="b">eng</subfield><subfield code="c">CRL</subfield><subfield code="d">NVF</subfield><subfield code="d">CUI</subfield><subfield code="d">OCLCQ</subfield><subfield code="d">OCLCF</subfield><subfield code="d">NVF</subfield><subfield code="d">OCLCO</subfield><subfield code="d">OCL</subfield></datafield><datafield ind1=" " ind2=" " tag="042"><subfield code="a">pcc</subfield></datafield><datafield ind1=" " ind2=" " tag="043"><subfield code="a">n-us-il</subfield></datafield><datafield ind1=" " ind2="4" tag="050"><subfield code="a">AN</subfield></datafield><datafield ind1="0" ind2=" " tag="130"><subfield code="a">Farming business (Chicago, Ill.)</subfield></datafield><datafield ind1="1" ind2="4" tag="245"><subfield code="a">The farming business.</subfield></datafield><datafield ind1=" " ind2=" " tag="260"><subfield code="a">Chicago, Ill. :</subfield><subfield code="b">W.D. Boyce Co.</subfield></datafield><datafield ind1=" " ind2=" " tag="300"><subfield code="a">v. :</subfield><subfield code="b">ill.</subfield></datafield><datafield ind1=" " ind2=" " tag="310"><subfield code="a">Weekly</subfield></datafield><datafield ind1="1" ind2=" " tag="362"><subfield code="a">Began in 1872?</subfield></datafield><datafield ind1="0" ind2=" " tag="362"><subfield code="a">-v. 45, no. 13 (June 16, 1917).</subfield></datafield><datafield ind1=" " ind2=" " tag="500"><subfield code="a">"The Application of Business Principles to Agriculture."</subfield></datafield><datafield ind1=" " ind2=" " tag="530"><subfield code="a">Also available via the World Wide Web.</subfield></datafield><datafield ind1=" " ind2=" " tag="588"><subfield code="a">Description based on: Vol. 44, no. 1 (Mar. 25, 1916).</subfield></datafield><datafield ind1=" " ind2="0" tag="650"><subfield code="a">Agriculture</subfield><subfield code="x">Economic aspects</subfield><subfield code="z">Illinois</subfield><subfield code="z">Cook County</subfield><subfield code="v">Newspapers.</subfield></datafield><datafield ind1=" " ind2="0" tag="650"><subfield code="a">Farm management</subfield><subfield code="z">Illinois</subfield><subfield code="z">Cook County</subfield><subfield code="v">Newspapers.</subfield></datafield><datafield ind1=" " ind2="0" tag="651"><subfield code="a">Chicago (Ill.)</subfield><subfield code="v">Newspapers.</subfield></datafield><datafield ind1=" " ind2="0" tag="651"><subfield code="a">Cook County (Ill.)</subfield><subfield code="v">Newspapers.</subfield></datafield><datafield ind1=" " ind2="7" tag="655"><subfield code="a">Newspapers.</subfield><subfield code="2">fast</subfield><subfield code="0">(OCoLC)fst01423814</subfield></datafield><datafield ind1=" " ind2="7" tag="650"><subfield code="a">Agriculture</subfield><subfield code="x">Economic aspects.</subfield><subfield code="2">fast</subfield><subfield code="0">(OCoLC)fst00801415</subfield></datafield><datafield ind1=" " ind2="7" tag="650"><subfield code="a">Farm management.</subfield><subfield code="2">fast</subfield><subfield code="0">(OCoLC)fst00921070</subfield></datafield><datafield ind1=" " ind2="7" tag="651"><subfield code="a">Illinois</subfield><subfield code="z">Chicago.</subfield><subfield code="2">fast</subfield><subfield code="0">(OCoLC)fst01204048</subfield></datafield><datafield ind1=" " ind2="7" tag="651"><subfield code="a">Illinois</subfield><subfield code="z">Cook County.</subfield><subfield code="2">fast</subfield><subfield code="0">(OCoLC)fst01205334</subfield></datafield><datafield ind1=" " ind2=" " tag="752"><subfield code="a">United States</subfield><subfield code="b">Illinois</subfield><subfield code="c">Cook</subfield><subfield code="d">Chicago.</subfield></datafield><datafield ind1="0" ind2="8" tag="776"><subfield code="i">Online version:</subfield><subfield code="s">Farming business (Chicago, Ill.).</subfield><subfield code="t">Farming business</subfield><subfield code="w">(OCoLC)881134691</subfield></datafield><datafield ind1="0" ind2="5" tag="780"><subfield code="t">Inter ocean farmer</subfield><subfield code="w">(DLC)sn 93055798</subfield><subfield code="w">(OCoLC)28453480</subfield></datafield><datafield ind1="0" ind2="0" tag="785"><subfield code="t">Farming business and Uncle Sam</subfield><subfield code="w">(DLC)  2014271518</subfield><subfield code="w">(OCoLC)893577143</subfield></datafield></record>